@misc{JUBTheme, key = {JUBTheme},
  title = {Latex beamer theme JUB},
  author = {Billy Okal},
  month = {April},
  year = {2014},
  url = {https://github.com/makokal/beamer-themes},
  note = {Accessed: 2017-06-08},
}